@book{goldblatt1998,
  title = {Lectures on the {{Hyperreals}}},
  author = {Goldblatt, Robert},
  date = {1998},
  series = {Graduate {{Texts}} in {{Mathematics}}},
  volume = {188},
  publisher = {Springer},
  location = {New York, NY},
  doi = {10.1007/978-1-4612-0615-6},
  isbn = {978-1-4612-6841-3 978-1-4612-0615-6},
  keywords = {Boolean algebra,calculus,construction,differential equation,eXist,functional,Lebesgue measure,measure,measure theory,proof,real analysis,Riemann integral,tool,topology,ultrapower},
  file = {C:\Users\paul\Zotero\storage\BJB7UTCL\Goldblatt - 1998 - Lectures on the Hyperreals.pdf}
}

@book{henle1979,
  title = {Infinitesimal Calculus},
  author = {Henle, James M. and Kleinberg, Eugene M.},
  date = {1979},
  publisher = {MIT Press},
  location = {Cambridge, Mass},
  isbn = {978-0-262-08097-2},
  pagetotal = {135},
  keywords = {Calculus}
}